<record><leader>00000cas a22000007a 4500</leader><controlfield tag="001">12066533</controlfield><controlfield tag="008">850522d19051906wiuwr ne      0    0eng d</controlfield><datafield ind1=" " ind2=" " tag="010"><subfield code="a">sn 85040738 </subfield></datafield><datafield ind1=" " ind2=" " tag="040"><subfield code="a">NPV</subfield><subfield code="b">eng</subfield><subfield code="c">NPV</subfield><subfield code="d">OCLCQ</subfield></datafield><datafield ind1=" " ind2=" " tag="042"><subfield code="a">msc</subfield></datafield><datafield ind1="0" ind2="4" tag="245"><subfield code="a">The Waukesha press.</subfield></datafield><datafield ind1=" " ind2=" " tag="260"><subfield code="a">Waukesha, Wis. :</subfield><subfield code="b">E.L. Thomas,</subfield><subfield code="c">1905-1906.</subfield></datafield><datafield ind1=" " ind2=" " tag="300"><subfield code="a">v.</subfield></datafield><datafield ind1=" " ind2=" " tag="310"><subfield code="a">Weekly</subfield></datafield><datafield ind1="0" ind2=" " tag="362"><subfield code="a">Vol. 7, no. 34 (July 19, 1905)-v. 8, no. 25 (May 30, 1906).</subfield></datafield><datafield ind1=" " ind2=" " tag="752"><subfield code="a">United States</subfield><subfield code="b">Wisconsin</subfield><subfield code="c">Waukesha</subfield><subfield code="d">Waukesha.</subfield></datafield><datafield ind1="0" ind2="0" tag="780"><subfield code="t">Waukesha weekly press</subfield><subfield code="w">(DLC)sn 85040739</subfield></datafield><datafield ind1="0" ind2="4" tag="785"><subfield code="t">Waukesha freeman (Waukesha, Wis. : Weekly)</subfield><subfield code="w">(DLC)sn 85033289</subfield></datafield></record>